@book{CLRS,
  author = {T. H. Cormen and C. E. Leiserson and R. L. Rivest and C. Stein},
  publisher = {MIT Press},
  title = {Introduction to Algorithms},
  year = 2001,
  keywords = {imported},
  owner = {blev},
  biburl = {http://www.bibsonomy.org/bibtex/2d977a6bf54adcfe9a368fd05f535ecf9/evabl444}
}

